<?xml version="1.0" encoding="UTF-8"?><collection xmlns="http://www.loc.gov/MARC21/slim"><record><leader>00583nam--2200181-u-4500</leader><controlfield tag="001">000056599</controlfield><controlfield tag="002">20161230</controlfield><controlfield tag="005">20161230201052</controlfield><controlfield tag="008">160325s1000------------r-----000-0-eng-d</controlfield><datafield ind1=" " ind2=" " tag="040"><subfield code="a">IFIN-HH</subfield></datafield><datafield ind1=" " ind2=" " tag="080"><subfield code="a">53</subfield></datafield><datafield ind1="1" ind2=" " tag="100"><subfield code="a">Hodgson, P.E</subfield></datafield><datafield ind1="1" ind2="0" tag="245"><subfield code="a">Oxford Kinematical Tables. Vol. 6. Negative Pion + Ptroton to Negative Sigma + Positive K up to 30,000 Mev</subfield><subfield code="c">P.e. Hodgson, R.N. Maddison</subfield></datafield><datafield ind1=" " ind2=" " tag="260"><subfield code="a">Oxford</subfield><subfield code="b">National Institute for Research in Nuclear Science</subfield><subfield code="c">1961</subfield></datafield><datafield ind1=" " ind2=" " tag="300"><subfield code="a">ix+117p.+suppl</subfield></datafield><datafield ind1="1" ind2=" " tag="700"><subfield code="a">Maddison, R.N</subfield></datafield><datafield ind1=" " ind2=" " tag="852"><subfield code="a">19558</subfield><subfield code="c">53.081</subfield></datafield><datafield ind1=" " ind2=" " tag="CAT"><subfield code="a">Sys</subfield><subfield code="c">20160328</subfield><subfield code="h">111707</subfield></datafield></record></collection>